@book{knuth1984texbook,
	title={The TeXbook},
	author={Knuth, Donald E},
	volume={1},
	year={1984},
	publisher={Addison-Wesley Reading, MA}
}

@article{lamport1986latex,
	title={LaTeX: A document preparation system},
	author={Lamport, Leslie},
	journal={Addison-Wesley},
	year={1986}
}

@book{111,
	title={The Book Title},
	author={Smith, John},
	volume={2},
	year={1998},
	publisher={Publisher XYZ}
}
% 引用的文件名可以为了方便自行更改
@article{222,
	title={An Article Title},
	author={Jones, Mary},
	journal={Journal of Articles},
	volume={10},
	number={3},
	pages={45-67},
	year={2005}
}

@inproceedings{333,
	title={Proceedings of the International Conference},
	author={Brown, Robert},
	booktitle={Conference Proceedings},
	pages={123-135},
	year={2010}
}

@thesis{444,
	title={A Doctoral Thesis},
	author={Wilson, Laura},
	school={University of ABC},
	year={2013}
}

@techreport{clark2017techreport,
	title={Technical Report on XYZ},
	author={Clark, James},
	institution={Research Institute},
	number={RPT-001},
	year={2017}
}

@online{miller2021website,
	title={Website Title},
	author={Miller, Emily},
	url={https://www.example.com},
	year={2021}
}

@misc{green1999misc,
	title={Miscellaneous Item},
	author={Green, Thomas},
	howpublished={Private Communication},
	year={1999}
}

@phdthesis{lee2008phdthesis,
	title={Ph.D. Thesis},
	author={Lee, Michael},
	school={University of XYZ},
	year={2008}
}

@manual{white2015manual,
	title={User Manual},
	author={White, Susan},
	organization={Company ABC},
	year={2015}
}

@inbook{adams2006inbook,
	title={Chapter Title},
	author={Adams, William},
	booktitle={Book Title},
	editor={Brown, Sarah},
	pages={78-92},
	year={2006}
}

@conference{harris2012conference,
	title={Conference Paper},
	author={Harris, David},
	booktitle={Proceedings of the Conference},
	pages={34-45},
	year={2012}
}

@patent{martin2000patent,
	title={Patent Title},
	author={Martin, Richard},
	number={US Patent 6,000,000},
	year={2000}
}

@mastersthesis{robinson2019mastersthesis,
	title={Master's Thesis},
	author={Robinson, Sarah},
	school={University of DEF},
	year={2019}
}

@report{wright2003report,
	title={Technical Report},
	author={Wright, Christopher},
	institution={Research Institute},
	number={TR-123},
	year={2003}
}

@proceedings{hall2014proceedings,
	title={Conference Proceedings},
	editor={Hall, Patricia},
	year={2014}
}

@article{wang2019,
	author    = {王小明 and 李华},
	title     = {论中文文献引用的示例},
	journal   = {中文期刊},
	year      = {2019},
	volume    = {10},
	number    = {2},
	pages     = {100-110},
}

@book{liu2015,
	author    = {刘大力},
	title     = {中文文献写作指南},
	publisher = {人民出版社},
	address   = {北京},
	year      = {2015},
}

@inproceedings{zhang2018,
	author    = {张三 and 王五},
	title     = {中文论文模板设计},
	booktitle = {国际会议论文集},
	year      = {2018},
	pages     = {50-60},
}

@thesis{chen2020,
	author    = {陈小红},
	title     = {中文学位论文写作},
	school    = {清华大学},
	address   = {北京},
	year      = {2020},
}

@online{zhou2017,
	author    = {周小龙},
	title     = {中文网络资源的引用规范},
	year      = {2017},
	url       = {http://www.example.com},
	urldate   = {2024-04-10},
}

